<?xml version="1.0" encoding="UTF-8"?><collection xmlns="http://www.loc.gov/MARC21/slim"><record><leader>00449nam--2200157-i-4500</leader><controlfield tag="001">000017686</controlfield><controlfield tag="002">20161230</controlfield><controlfield tag="005">20170222004412</controlfield><controlfield tag="008">060222s1000------------r-----000-0-eng-d</controlfield><datafield ind1=" " ind2=" " tag="080"><subfield code="a">535.338(047)</subfield></datafield><datafield ind1=" " ind2=" " tag="245"><subfield code="a">Annual reports on analytical atomic spectroscopy 1971</subfield></datafield><datafield ind1=" " ind2=" " tag="260"><subfield code="a">London</subfield><subfield code="b">The Society For Analytical Chemistry</subfield><subfield code="c">1971</subfield></datafield><datafield ind1=" " ind2=" " tag="300"><subfield code="a">133 p. + References + Index</subfield></datafield><datafield ind1=" " ind2=" " tag="700"><subfield code="a">Hubbard, D. P</subfield></datafield><datafield ind1=" " ind2=" " tag="852"><subfield code="a">38338</subfield></datafield><datafield ind1=" " ind2=" " tag="CAT"><subfield code="a">SYS</subfield><subfield code="c">20170222</subfield><subfield code="h">004412</subfield></datafield></record></collection>